@book{sipser,
    title =     {Introduction to the Theory of Computation},
    author =    {Michael Sipser},
    publisher = {Thomson South-Western},
    isbn =      {9781133187813; 1133187811},
    year =      {2012},
    edition =   {3}
}
@book{martin,
    title =     {Introduction to Languages and the Theory of Computation},
    author =    {John Martin},
    publisher = {McGraw-Hill Science/Engineering/Math},
    isbn =      {0073191469; 9780073191461},
    year =      {2010},
    edition =   {4}
}
