
@article{rohit,
  author          = {Rohit P. Kondekar},
  journal         = {Journal of Computers},
  number          = {2},
  title           = {Implementation and Analysis of Iterative MapReduce Based Heuristic Algorithm for Solving N-Puzzle},
  volume          = {9},
  year            = {2014}
}

@book{ginsberg,
  author         = {Matt Ginsberg},
  editor         = {Michael B. Morgan},
  publisher      = {Morgan Kaufmann Publishers, Inc.},
  title          = {Essentials of Artificial Intelligence},
  year           = {1993}
}

@misc{key,
  author       = {Javier Béjar},
  howpublished = {\url{https://www.cs.upc.edu/~bejar/ia/transpas/teoria/2-BH2-Busqueda_heuristica.pdf}},
  title        = {Búsqueda Heurística},
  year         = {2021}
}